<?xml version="1.0" encoding="UTF-8" ?>
<Document xmlns="urn:iso:std:iso:20022:tech:xsd:pain.001.003.03" 
					xmlns:xsi="http://www.w3.org/2001/XMLSchema-instance" 
					xsi:schemaLocation="urn:iso:std:iso:20022:tech:xsd:pain.001.003.03 pain.001.003.03.xsd">
	<CstmrCdtTrfInitn>
		<GrpHdr>
			<MsgId>M20161003220744</MsgId>
			<CreDtTm>2016-10-03T22:07:44Z</CreDtTm>
			<NbOfTxs>1</NbOfTxs>
			<CtrlSum>1.0</CtrlSum>
			<InitgPty>
				<Nm>John Doe</Nm>
			</InitgPty>
		</GrpHdr>
		<PmtInf>
			<PmtInfId>P20161003220744</PmtInfId>
			<PmtMtd>TRF</PmtMtd>
			<NbOfTxs>1</NbOfTxs><CtrlSum>1.0</CtrlSum>
			<PmtTpInf>
				<SvcLvl>
					<Cd>SEPA</Cd></SvcLvl>
			</PmtTpInf>
			<ReqdExctnDt>1999-01-01</ReqdExctnDt>
			<Dbtr>
				<Nm>John Doe</Nm>
			</Dbtr>
			<DbtrAcct>
				<Id>
					<IBAN>AT611904300234573201</IBAN>
				</Id>
				<Ccy>EUR</Ccy>
			</DbtrAcct>
			<DbtrAgt>
				<FinInstnId>
					<BIC>AASFFRP1</BIC>
				</FinInstnId>
			</DbtrAgt>
			<ChrgBr>SLEV</ChrgBr>
			<CdtTrfTxInf>
				<PmtId>
					<EndToEndId>NOTPROVIDED</EndToEndId>
				</PmtId>
				<Amt>
					<InstdAmt Ccy="EUR">1.0</InstdAmt>
				</Amt>
				<CdtrAgt>
					<FinInstnId>
						<BIC>AASFFRP1</BIC>
					</FinInstnId>
				</CdtrAgt>
				<Cdtr>
					<Nm>Jane Doe</Nm>
				</Cdtr>
				<CdtrAcct>
					<Id>
						<IBAN>AT611904300234573201</IBAN>
					</Id>
				</CdtrAcct>
				<RmtInf>
					<Ustrd>Purpose</Ustrd>
				</RmtInf>
			</CdtTrfTxInf>
		</PmtInf>
	</CstmrCdtTrfInitn>
</Document>